
@article{eser_association_2008,
	title = {Association Between Ocular Dominance and Refraction},
	volume = {24},
	issn = {1081-597X, 1938-2391},
	url = {https://www.healio.com/ophthalmology/refractive-surgery/journals/jrs/2008-9-24-7/{3f597a3c-936f-42ee-a37f-67d28eca1474}/association-between-ocular-dominance-and-refraction},
	doi = {10.3928/1081597X-20080901-07},
	abstract = {Journal of Refractive Surgery {\textbar} {PURPOSETo} investigate the association between ocular dominance and refraction.
{METHODSA} retrospective study of the cycloplegic refraction of 2453 consecutive patients with a mean age of 46Â±12 years (range: 18 to 79 years) was performed. One thousand one hundred fifty-seven (47\%) patients were men and 1296 (53\%) were women. Patients who had previous eye surgery, ocular disease, or {\textgreater}2 lines of best},
	pages = {685--689},
	number = {7},
	journaltitle = {Journal of Refractive Surgery},
	shortjournal = {J Refract Surg},
	author = {Eser, Ilker and Schwendeman, Frank and Durrie, Daniel S. and Stahl, Jason E.},
	urldate = {2019-09-22},
	date = {2008-09-01},
	langid = {english},
	keywords = {{XP}\_portfolio1},
	file = {Snapshot:C\:\\Users\\esben\\Zotero\\storage\\2TXD6CEK\\association-between-ocular-dominance-and-refraction.html:text/html}
}

@article{noauthor_first_2006,
	title = {First steps toward a usage-based theory of language acquisition},
	volume = {11},
	issn = {1613-3641},
	url = {https://www.degruyter.com/view/j/cogl.2001.11.issue-1-2/cogl.2001.012/cogl.2001.012.xml},
	doi = {10.1515/cogl.2001.012},
	pages = {61--82},
	number = {1},
	journaltitle = {Cognitive Linguistics},
	urldate = {2019-09-22},
	date = {2006}
}