@book{field_miles_field_zoë_2017, place={Brantford, Ontario}, title={Discovering statistics using R}, publisher={W. Ross MacDonald School Resource Services Library}, author={Field, Andy P and Miles, Jeremy and Field Zoë}, year={2017}}

@misc{uwa_psychology, title={MRC Psycholinguistic Database}, url={http://websites.psychology.uwa.edu.au/school/MRCDatabase/uwa_mrc.htm}, journal={UWA Psychology: MRC Psycholinguistic Database (Dict Interface)}, year={1986}}
